@BOOK{lit:slam,
  title = {Simultaneous Localization and Mapping for Mobile Robots: Introduction and Methods},
  publisher = {IGI Global},
  year = {2013},
  author = {Dr. Juan-Antonio Fernández-Madrigal and Dr. José Luis Blanco Claraco},
  ISBN = {978-1-4666-2104-6},
  keywords = {lit},
}

@BOOK{lit:mobile_roboter,
  title = {Mobile Roboter - Eine Einführung aus Sicht der Informatik},
  publisher = {Springer},
  year = {2012},
  author = {Andreas Nüchter and Kai Lingemann and Joachim Hertzberg},
  ISBN = {978-3-642-01726-1},
  keywords = {lit},
}