@MISC{pic:bfh,
  url = {http://www.bfh.ch},
  urldate = {2013-09-27},
  author = {Uwe Siart},
  title = {Smith-Chart Aufbau},
  year = {2012},
  keywords = {pic},
}

@ONLINE{lit:SLAM,
  title = {Kurzanleitung zum Smith-Diagramm},
  publisher = {Uwe Siart},
  urldate = {2013-05-20},
  author = {Uwe Siart},
  year = {2012},
  keywords = {lit},
}

@BOOK{lit:sus,
  title = {Kontinuierliche Signale und Systeme: Signalübertragung},
  publisher = {Berner Fachhochschlule},
  year = {2009},
  author = {Kaufmann A. and Tripet M.},
  edition = {1.2},
  month = {09},
  keywords = {lit},
}

@ONLINE{url:modul,
	title = {Modulbeschreibung - Projektarbeit und System Engineering},
	publisher = {Berner Fachhochschule Technik und Informatik},
	url = {http://www.ti.bfh.ch/fileadmin/modules/BTE5511-de.xml},
	urldate = {2014-01-03},
	author = {Max Felser},
	year = {2012},
	month = {08},
	day = {15},
	keywords = {url},
}